<record><leader>00000cas a22000007a 4500</leader><controlfield tag="001">19751669</controlfield><controlfield tag="008">890523d18691869couwr ne      0    0eng d</controlfield><datafield ind1=" " ind2=" " tag="010"><subfield code="a">sn 89052141 </subfield></datafield><datafield ind1=" " ind2=" " tag="040"><subfield code="a">CNQ</subfield><subfield code="b">eng</subfield><subfield code="c">CNQ</subfield><subfield code="d">OCLCQ</subfield></datafield><datafield ind1=" " ind2=" " tag="042"><subfield code="a">msc</subfield></datafield><datafield ind1="0" ind2="4" tag="245"><subfield code="a">The Boulder County pioneer.</subfield></datafield><datafield ind1="1" ind2="3" tag="246"><subfield code="a">Boulder pioneer</subfield></datafield><datafield ind1=" " ind2=" " tag="260"><subfield code="a">Boulder, Boulder County, Colo. :</subfield><subfield code="b">J.E. Wharton</subfield></datafield><datafield ind1=" " ind2=" " tag="300"><subfield code="a">v.</subfield></datafield><datafield ind1=" " ind2=" " tag="310"><subfield code="a">Weekly</subfield></datafield><datafield ind1="0" ind2=" " tag="362"><subfield code="a">Vol. 1, no. 1 (Feb. 10, 1869)-</subfield></datafield><datafield ind1="1" ind2=" " tag="362"><subfield code="a">Ceased in 1869?</subfield></datafield><datafield ind1=" " ind2=" " tag="515"><subfield code="a">Appears to have suspended publication for one issue on May 12, 1869.</subfield></datafield><datafield ind1=" " ind2=" " tag="530"><subfield code="a">Available on microfilm from the Colorado Historical Society.</subfield></datafield><datafield ind1=" " ind2=" " tag="752"><subfield code="a">United States</subfield><subfield code="b">Colorado</subfield><subfield code="c">Boulder</subfield><subfield code="d">Boulder.</subfield></datafield><datafield ind1="0" ind2="0" tag="785"><subfield code="t">Boulder County news</subfield><subfield code="w">(DLC)sn 84022253</subfield></datafield></record>